@inproceedings{pandeyEurosysDW,
  TITLE = {{Diversifying locks for effective synchronization in dynamic graphs}},
  AUTHOR = {Pandey, Ayush and Sopena, Julien and Shapiro, Marc},
  URL = {https://inria.hal.science/hal-04851918},
  BOOKTITLE = {{EuroSys 2024 Doctoral Workshop}},
  ADDRESS = {Athens, Greece},
  YEAR = {2024},
  MONTH = Apr,
  PDF = {https://inria.hal.science/hal-04851918v1/file/EuroSysDW.pdf},
  HAL_ID = {hal-04851918},
  HAL_VERSION = {v1},
}

@inproceedings{pandeyCompas,
  TITLE = {{CALock : Multi-Granularity Locking in Directed Graphs}},
  AUTHOR = {Pandey, Ayush and Dubois, Swan and Shapiro, Marc and Sopena, Julien},
  URL = {https://hal.sorbonne-universite.fr/hal-04851841},
  BOOKTITLE = {{ComPas}},
  ADDRESS = {Annecy, France},
  YEAR = {2023},
  MONTH = Jul,
  KEYWORDS = {Parallel Algorithms ; Locking ; Dynamic Hierarchies ; Multi Granularity Locking},
  PDF = {https://hal.sorbonne-universite.fr/hal-04851841v1/file/exemple_compas2023.pdf},
  HAL_ID = {hal-04851841},
  HAL_VERSION = {v1},
}

@inproceedings{pandeyIPDPS,
  TITLE = {{CALock: Multi-granularity locking in dynamic hierarchies}},
  AUTHOR = {Ayush Pandey, Julien Sopena, Marc Shapiro, and Swan Dubois},
  URL = {},
  BOOKTITLE = {{2024 IEEE International Parallel and Distributed Processing Symposium (IPDPS)}},
  ADDRESS = {Milan, Italy},
  YEAR = {2025},
  MONTH = Jun,
  KEYWORDS = {Parallel Algorithms ; Locking ; Dynamic Hierarchies ; Multi Granularity Locking},
}
